<record><leader>00000cas a22000007a 4500</leader><controlfield tag="001">767866432</controlfield><controlfield tag="006">m     o  d        </controlfield><controlfield tag="007">cr |||||||||||</controlfield><controlfield tag="008">111209c20109999nyu x n o     0   a0eng  </controlfield><controlfield tag="009">466</controlfield><datafield ind1=" " ind2=" " tag="010"><subfield code="a">  2011203756</subfield></datafield><datafield ind1=" " ind2=" " tag="040"><subfield code="a">DLC</subfield><subfield code="b">eng</subfield><subfield code="c">DLC</subfield><subfield code="d">DLC</subfield><subfield code="d">OCLCQ</subfield></datafield><datafield ind1=" " ind2=" " tag="012"><subfield code="l">1</subfield></datafield><datafield ind1="0" ind2=" " tag="022"><subfield code="a">2165-0241</subfield><subfield code="2">1</subfield></datafield><datafield ind1=" " ind2=" " tag="037"><subfield code="b">For The Good, Inc., 1113 Linwood Place, Utica, NY 13501</subfield></datafield><datafield ind1=" " ind2=" " tag="042"><subfield code="a">nsdp</subfield><subfield code="a">pcc</subfield></datafield><datafield ind1="1" ind2="0" tag="050"><subfield code="a">ISSN RECORD</subfield></datafield><datafield ind1="1" ind2="0" tag="082"><subfield code="a">071</subfield><subfield code="2">14</subfield></datafield><datafield ind1="0" ind2=" " tag="130"><subfield code="a">Utica phoenix (Online)</subfield></datafield><datafield ind1=" " ind2="4" tag="222"><subfield code="a">The Utica phoenix</subfield><subfield code="b">(Online)</subfield></datafield><datafield ind1="1" ind2="4" tag="245"><subfield code="a">The Utica phoenix</subfield><subfield code="h">[electronic resource].</subfield></datafield><datafield ind1=" " ind2=" " tag="260"><subfield code="a">Utica, NY :</subfield><subfield code="b">For The Good, Inc.</subfield></datafield><datafield ind1=" " ind2=" " tag="310"><subfield code="a">Irregular</subfield></datafield><datafield ind1="1" ind2=" " tag="362"><subfield code="a">Began with post for Aug. 12, 2010.</subfield></datafield><datafield ind1=" " ind2=" " tag="500"><subfield code="a">"Utica's other newspaper."</subfield></datafield><datafield ind1=" " ind2=" " tag="588"><subfield code="a">Description based on home page; title from caption (viewed Dec. 9, 2011)</subfield></datafield><datafield ind1=" " ind2=" " tag="588"><subfield code="a">Latest issue consulted: post for Dec. 9, 2011 (viewed Dec. 9, 2011).</subfield></datafield><datafield ind1="0" ind2="8" tag="776"><subfield code="i">Also available in a print version:</subfield><subfield code="t">Utica phoenix (Print)</subfield><subfield code="x">2165-0233</subfield><subfield code="w">(DLC)  2011203755</subfield><subfield code="w">(OCoLC)767868576</subfield></datafield><datafield ind1="4" ind2="0" tag="856"><subfield code="u">http://www.uticaphoenix.net</subfield></datafield></record>